@book{Picard,
    author      = "Rosalind W. Picard",
    title       = "Affective Computing",
    year        = "2000",
    publisher   = "First MIT Press paperback edition"
}

@book{EmotionalIntelligence,
    author      = "Robert J. Emmerling and Vinod K. Shanwal and Manas K. Mandal",
    title       = "Emotional Intelligence: Theoretical and Cultural Perspectives",
    year        = "2008",
    publisher   = "Nova Science Publishers"
}

@article{Biosignals,
    author  = "K. Takahashi",
    title   = "Remarks on emotion recognition from multi-modal bio-potential signals",
    journal = "2nd International Conference on Autonomous Robots and Agents",
    year    = "2004",
    DOI     = "http://www-ist.massey.ac.nz/conferences/icara2004/files/papers/paper32_icara2004_186_191.pdf"
}

@book{Ekman,
    author      = {Paul Ekman and Wallace V. Friesen and Phoebe Ellsworth and Arnold P. Goldstein and Leonard Krasner},
    title       = "Emotion in the Human Face",
    year        = "1972",
    publisher   = "Pergamon Press"
}

@book{FACS,
    author      = "Paul Ekman and Wallace V. Friesen and Joseph C. Hager",
    title       = "Facial Action Coding System: The Manual on CD ROM",
    year        = "2002",
    publisher   = "A Human Face"
}

@misc{FaceReader,
    author          = "Noldus",
    title           = "FaceReader",
    year            = "2018",
    howpublished    = "\url{http://www.noldus.com/human-behavior-research/products/facereader}"
}

@article{DeepLearning,
    author  = "Yann Lecun and Yoshua Bengio and Geoffrey Hinton",
    title   = "Deep Learning",
    journal = "Nature",
    year    = "2015",
    DOI     = "https://www.researchgate.net/publication/277411157_Deep_Learning"
}

@article{MachineLearning, 
    author  = "A. L. Samuel", 
    title   = "Some Studies in Machine Learning Using the Game of Checkers",
    journal = "IBM Journal of Research and Development", 
    year    = "1959", 
    DOI     = "http://citeseerx.ist.psu.edu/viewdoc/download?doi=10.1.1.368.2254&rep=rep1&type=pdf"
}

@article{McCulloch,
    author      = "Warren S. McCulloch and Walter Pitts",
    title       = "A logical calculus of the ideas immanent in nervous activity",
    journal     = "Bulletin of Mathematical Biophysics",
    year        = "1943",
    DOI         = "https://pdfs.semanticscholar.org/5272/8a99829792c3272043842455f3a110e841b1.pdf"
}

@article{Rosenblatt,
    author  = "Frank Rosenblatt",
    title   = "The perceptron: a probabilistic model for information storage and organization in the brain",
    journal     = "Psychological review",
    year        = "1958",
    DOI         = "http://citeseerx.ist.psu.edu/viewdoc/download?doi=10.1.1.335.3398&rep=rep1&type=pdf"
}

@article{ANN,
    author  = "Marcel van Gerven and Sander Bohte",
    title   = "Artificial Neural Networks as Models of Neural Information Processing",
    journal = "Frontiers in Computational Neuroscience",
    year    = "2017",
    DOI     = "https://www.frontiersin.org/research-topics/4817/artificial-neural-networks-as-models-of-neural-information-processing"
}

@misc{CS231n,
    author          = "Andrej Karpathy",
    title           = "Stanford University CS231n: Convolutional Neural Networks for Visual Recognition",
    year            = "2018",
    howpublished    = "\url{http://cs231n.github.io/}"
}

@book{Engelbrecht,
    author      = "Andries P Engelbrecht",
    title       = "Computational Intelligence: An Introduction",
    year        = "2007",
    publisher   = "John Wiley \& Sons"
}

@misc{img:perceptron,
    author = "Wikipedia",
    title = "Perceptrón --- Wikipedia{,} La enciclopedia libre",
    year = "2018",
    howpublished = "\url{https://es.wikipedia.org/w/index.php?title=Perceptr\%C3\%B3n&oldid=107276002}"
}

@misc{wiki:perceptron,
    author = "Wikipedia",
    title = "Perceptrón --- Wikipedia{,} La enciclopedia libre",
    year = "2018",
    howpublished = "\url{https://es.wikipedia.org/w/index.php?title=Perceptr\%C3\%B3n&oldid=107276002}"
}

@article{img:MLP,
    author  = "Teijiro Isokawa and Haruhiko Nishimura and Nobuyuki Matsui",
    title   = "Quaternionic Multilayer Perceptron with Local Analyticity",
    journal = "Information",
    year    = "2012",
    DOI     = "http://www.mdpi.com/2078-2489/3/4/756"
}

@article{NETtalk,
    author  = "Terrence J. Sejnowski and Charles R. Rosenberg",
    title   = "NETtalk: A Parallel Network That Learns to Read Aloud",
    journal = "MIT Press",
    year    = "1988",
    DOI     = "https://www.cs.ubc.ca/~murphyk/Teaching/CS340-Fall07/reading/nettalk.pdf"
}

@article{MNIST, 
    author  = "Y. LeCun and B. Boser and J. S. Denker and D. Henderson and R. E. Howard and W. Hubbard and L. D. Jackel", 
    title   = "Backpropagation Applied to Handwritten Zip Code Recognition", 
    journal = "Neural Computation", 
    year    = "1989",
    DOI     = "http://yann.lecun.com/exdb/publis/pdf/lecun-89e.pdf"
}

@article{Hinton, 
    author  = "G. Hinton and L. Deng and D. Yu and G. E. Dahl and A. r. Mohamed and N. Jaitly and A. Senior and V. Vanhoucke and P. Nguyen and T. N. Sainath and B. Kingsbury", 
    title   = "Deep Neural Networks for Acoustic Modeling in Speech Recognition: The Shared Views of Four Research Groups", 
    journal = "IEEE Signal Processing Magazine", 
    year    = "2012",
    DOI     = "https://www.cs.toronto.edu/~hinton/absps/DNN-2012-proof.pdf"
}

@misc{AIreport,
    author          = "Yoav Shoham (Stanford University) and Raymond Perrault (SRI International) and Erik Brynjolfsson (MIT) and Jack Clark (OpenAI) and Calvin LeGassick",
    title           = "Artificial Intelligence Index – 2017 Annual Report",
    year            = "2017",
    howpublished    = "\url{https://aiindex.org/2017-report.pdf}"
}

@book{def:DeepLearning,
    author      = "Li Deng and Dong Yu",
    title       = "Deep Learning: Methods and Applications",
    publisher   =  "NOW Publishers",
    year        = "2014",
    DOI         = "https://www.microsoft.com/en-us/research/wp-content/uploads/2016/02/DeepLearning-NowPublishing-Vol7-SIG-039.pdf"
}

@article{ILSVRC,
    author          = "Olga Russakovsky and Jia Deng and Hao Su and Jonathan Krause and Sanjeev Satheesh and Sean Ma and Zhiheng Huang and Andrej Karpathy and Aditya Khosla and Michael Bernstein and Alexander C. Berg and Li Fei-Fei",
    title           = "ImageNet Large Scale Visual Recognition Challenge",
    journal         = "International Journal of Computer Vision (IJCV)",
    year            = "2015",
    DOI             =  "https://arxiv.org/pdf/1409.0575.pdf"
}

@misc{ImageNet,
    author          = "Deng, J. and Dong, W. and Socher, R. and Li, L.-J. and Li, K. and Fei-Fei, L.",
    title           = "ImageNet: A Large-Scale Hierarchical Image Database",
    year            = "2009",
    howpublished    = "\url{http://www.image-net.org/}",
}


@misc{AIboom,
    author          = "The Economist",
    title           = "From not working to neural networking",
    year            = "2016",
    howpublished    = "\url{https://www.economist.com/news/special-report/21700756-artificial-intelligence-boom-based-old-idea-modern-twist-not}"
}

@article{Krizhevsky,
    author  = "Alex Krizhevsky and Ilya Sutskever and Geoffrey Hinton",
    title   = "ImageNet Classification with Deep Convolutional Neural Networks",
    journal = "Advances in Neural Information Processing Systems",
    year    = "2012",
    DOI     = "http://papers.nips.cc/paper/4824-imagenet-classification-with-deep-convolutional-neural-networks.pdf"
}

@misc{img:ILSVRC,
    author = "NVIDIA Developer Blog",
    title = "NVIDIA and IBM Cloud Support ImageNet Large Scale Visual Recognition Challenge",
    year = "2015",
    howpublished = "\url{https://devblogs.nvidia.com/nvidia-ibm-cloud-support-imagenet-large-scale-visual-recognition-challenge/}"
}

@article{LeNet-5,
    author  = "Y. LeCun and L. Bottou and Y. Bengio and P. Haffner",
    title   = "Gradient-based learning applied to document recognition",
    journal = "Proceedings of the IEEE",
    year    = "1998",
    DOI     = "http://yann.lecun.com/exdb/publis/pdf/lecun-98.pdf"
}

@article{GoogleNet,
    author    = "Christian Szegedy and Wei Liu and Yangqing Jia and Pierre Sermanet and Scott E. Reed and Dragomir Anguelov and Dumitru Erhan and Vincent Vanhoucke and Andrew Rabinovich",
    title     = "Going Deeper with Convolutions",
    journal   = "Proceedings of the IEEE",
    year      = "2014",
    DOI       = "https://arxiv.org/pdf/1409.4842.pdf",
}

@article{ResNet,
    author    = "Kaiming He and Xiangyu Zhang and Shaoqing Ren and Jian Sun",
    title     = "Deep Residual Learning for Image Recognition",
    journal   = "2016 IEEE Conference on Computer Vision and Pattern Recognition (CVPR)",
    year      = "2015",
    DOI       = "https://arxiv.org/pdf/1512.03385.pdf",
}

@article{VGGNet,
    author  = "Karen Simonyan and Andrew Zisserman",
    title    = "Very Deep Convolutional Networks for Large-Scale Image Recognition",
    journal = "3rd International Conference on Learning Representations (ICLR2015)",
    year    = "2014",
    DOI     = "https://arxiv.org/pdf/1409.1556.pdf"
}

@article{ImpactResNet,
    author  = "Christian Szegedy and Sergey Ioffe and Vincent Vanhoucke and Alexander A. Alemi",
    title   = "Inception-v4, Inception-ResNet and the Impact of Residual Connections on Learning",
    journal = "AAAI",
    year    = "2017",
    DOI     = "https://arxiv.org/pdf/1602.07261.pdf"
}

@article{Hubel,
    author  = "David Hubel and Torsten Wiesel",
    title   = "Receptive fields and functional architecture of monkey striate cortex",
    journal = "The Journal of Physiology",
    year    = "1968",
    DOI     = "https://www.ncbi.nlm.nih.gov/pmc/articles/PMC1557912/pdf/jphysiol01104-0228.pdf"
}

@article{Neocognitron,
    author  = "Kunihiko Fukushima",
    title   = "A self-organizing neural network model for a mechanism of pattern recognition unaffected by shift in position",
    journal = "Biological Cybernetics",
    year    = "1980",
    DOI     = "http://www.rctn.org/bruno/public/papers/Fukushima1980.pdf"
}

@article{Rumelhart,
    author  = "D. E. Rumelhart and G. E. Hinton and  R. J. Williams",
    title   = "Learning Internal Representations by Error Propagation",
    journal = "Bradford Books\slash MIT Press",
    year    = "1985",
    DOI     = "http://www.dtic.mil/dtic/tr/fulltext/u2/a164453.pdf"
}

@phdthesis{Sutskever,
    author      = "Ilya Sutskever",
    advisor     = "Geoffrey Hinton",
    title       = "Training Recurrent Neural Networks",
    school      = "University of Toronto",
    year        = "2013",
    DOI         = "http://www.cs.utoronto.ca/~ilya/pubs/ilya_sutskever_phd_thesis.pdf"
}

@article{Adam,
    author    = "Diederik P. Kingma and Jimmy Ba",
    title     = "Adam: A Method for Stochastic Optimization",
    journal   = "CoRR",
    year      = "2014",
    DOI       = "http://arxiv.org/abs/1412.6980"
}

@misc{img:ReLU,
    author          = "Kaggle",
    title           = "Rectified Linear Units (ReLU) in Deep Learning",
    year            = "2018",
    howpublished    = "\url{https://www.kaggle.com/dansbecker/rectified-linear-units-relu-in-deep-learning/notebook}"
}

@misc{img:ConvOperation1,
    author          = "KDnuggets",
    title           = "Understanding Deep Convolutional Neural Networks with a practical use-case in Tensorflow and Keras",
    year            = "2017",
    howpublished    = "\url{https://www.kdnuggets.com/2017/11/understanding-deep-convolutional-neural-networks-tensorflow-keras.html}"
}

@misc{img:ConvOperation2,
    author          = "Wikipedia contributors",
    title           = "Kernel (image processing) --- {Wikipedia}{,} The Free Encyclopedia",
    year            = "2018",
    howpublished    = "\url{https://en.wikipedia.org/w/index.php?title=Kernel_(image_processing)&oldid=831652789}"
}

@article{Pooling,
    author    = "Y-Lan Boureau and Jean Ponce and Yann Lecun",
    title     = "A Theoretical Analysis of Feature Pooling in Visual   Recognition",
    journal   = "ICML 2010 - Proceedings, 27th International Conference on   Machine Learning",
    year      = "2010",
    DOI       = "http://yann.lecun.com/exdb/publis/pdf/boureau-icml-10.pdf"
}

@article{Srivastava,
    author    = "Nitish Srivastava and Geoffrey Hinton and Alex Krizhevsky and Ilya Sutskever and Ruslan Salakhutdinov",
    title     = "Dropout: A Simple Way to Prevent Neural Networks from Overfitting",
    journal   = "Journal of Machine Learning Research",
    year      = "2014",
    DOI       = "http://jmlr.org/papers/volume15/srivastava14a/srivastava14a.pdf"
}

@article{ArchitectureCNN,
    author    = "Saleh Albelwi and Ausif Mahmood",
    title     = "A Framework for Designing the Architectures of Deep Convolutional Neural Networks",
    journal   = "Entropy",
    year      = "2017",
    DOI       = "http://www.mdpi.com/1099-4300/19/6/242"
}

@article{BatchNormalization,
    author    = "Sergey Ioffe and Christian Szegedy",
    title     = "Batch Normalization: Accelerating Deep Network Training by Reducing Internal Covariate Shift",
    journal   = "CoRR",
    year      = "2017",
    DOI       = "https://arxiv.org/pdf/1502.03167.pdf"
}

@misc{img:GAN,
    author          = "O'REILLY",
    title           = "Build a neural network that learns to generate handwritten digits",
    year            = "2017",
    howpublished    = "\url{https://www.oreilly.com/learning/generative-adversarial-networks-for-beginners}"
}

@article{GAN,
    author    = "Ian J. Goodfellow and Jean Pouget-Abadie and Mehdi Mirza and Bing Xu and David Warde-Farley and Sherjil Ozair and Aaron Courville and Yoshua Bengio",
    title     = "Generative Adversarial Networks",
    journal   = "CoRR",
    year      = "2014",
    DOI       = "https://arxiv.org/pdf/1406.2661.pdf"
}

@article{cycleGAN,
    author    = "Jun{-}Yan Zhu and Taesung Park and Phillip Isola and Alexei A. Efros",
    title     = "Unpaired Image-to-Image Translation using Cycle-Consistent Adversarial Networks",
    journal   = "CoRR",
    year      = "2017",
    DOI       = "https://arxiv.org/pdf/1703.10593.pdf"
}

@article{AGA,
    author    = "Mandar Dixit and Roland Kwitt and Marc Niethammer and Nuno Vasconcelos",
    title     = "{AGA:} Attribute Guided Augmentation",
    journal   = "CoRR",
    year      = "2016",
    DOI       = "https://arxiv.org/pdf/1612.02559.pdf"
}

@article{TransferLearning,
    author    = "Jason Yosinski and Jeff Clune and Yoshua Bengio and Hod Lipson",
    title     = "How transferable are features in deep neural networks?",
    journal   = "CoRR",
    year      = "2014",
    DOI       = "https://arxiv.org/pdf/1411.1792.pdf"
}

@article{Affectiva,
    author    = "Thomas Vandal and Daniel McDuff and Rana El Kaliouby",
    title     = "Event Detection: Ultra Large-scale Clustering of Facial Expressions",
    journal   = "2015 11th IEEE International Conference and Workshops on Automatic Face and Gesture Recognition (FG)",
    year      = "2015",
    DOI       = "http://alumni.media.mit.edu/~djmcduff/assets/publications/Vandal_2015_Event.pdf"
}

@article{Pramerdorfer,
    author    = "Christopher Pramerdorfer and Martin Kampel",
    title     = "Facial Expression Recognition using Convolutional Neural Networks: State of the Art",
    journal   = "CoRR",
    year      = "2016",
    DOI       = "https://arxiv.org/pdf/1612.02903.pdf"
}

@article{Zhang,
    author    = "Zhanpeng Zhang and Ping Luo and Chen Change Loy and Xiaoou Tang",
    title     = "Learning Social Relation Traits from Face Images",
    journal   = "CoRR",
    year      = "2015",
    DOI       = "http://mmlab.ie.cuhk.edu.hk/projects/socialrelation/support/ICCV15.pdf"
}

@article{GANAugmentation,
    author    = "Xinyue Zhu and Yifan Liu and Zengchang Qin and Jiahong Li",
    title     = "Data Augmentation in Emotion Classification Using Generative Adversarial Networks",
    journal   = "CoRR",
    year      = "2017",
    DOI       = "https://arxiv.org/pdf/1711.00648.pdf"
}

@article{DeepSVM,
    author    = "Yichuan Tang",
    title     = "Deep Learning using Support Vector Machines",
    journal   = "CoRR",
    year      = "2013",
    DOI       = "https://arxiv.org/pdf/1306.0239.pdf"
}

@misc{FER-2013,
    author          = "Kaggle",
    title           = "Challenges in Representation Learning: Facial Expression Recognition Challenge",
    year            = "2013",
    howpublished    = "\url{https://www.kaggle.com/c/challenges-in-representation-learning-facial-expression-recognition-challenge}"
}

@article{Arriaga,
    author    = "Octavio Arriaga and Matias Valdenegro{-}Toro and Paul Pl{\"{o}}ger",
    title     = "Real-time Convolutional Neural Networks for Emotion and Gender Classification",
    journal   = "CoRR",
    year      = "2017",
    DOI       = "https://arxiv.org/pdf/1710.07557.pdf"
}

@article{Xception,
    author    = "Fran{\c{c}}ois Chollet",
    title     = "Xception: Deep Learning with Depthwise Separable Convolutions",
    journal   = "CoRR",
    year      = "2016",
    DOI       = "https://arxiv.org/pdf/1610.02357.pdf"
}

@article{VGGFace2,
    author    = "Qiong Cao and Li Shen and Weidi Xie and Omkar M. Parkhi and Andrew Zisserma",
    title     = "VGGFace2: {A} dataset for recognising faces across pose and age",
    journal   = "CoRR",
    year      = "2017",
    DOI       = "https://arxiv.org/pdf/1710.08092.pdf"
}

@article{FER-2013_human_acc,
    author    = "Ian J. Goodfellow and others",
    title     = "Challenges in representation learning: A report on three machine learning contests",
    journal   = "ArXiv e-prints",
    year      = "2013",
    DOI       = "https://arxiv.org/pdf/1307.0414.pdf"
}

@article{Viola,
    author    = "P. Viola and M. Jones",
    title     = "Rapid object detection using a boosted cascade of simple features",
    journal   = "Proceedings of the 2001 IEEE Computer Society Conference on Computer Vision and Pattern Recognition",
    year      = "2001",
    DOI       = "http://wearables.cc.gatech.edu/paper_of_week/viola01rapid.pdf"
}

@article{Bartneck,
    author    = "Christoph Bartneck and Michael J. Lyons and Martin Saerbeck",
    title     = "The Relationship Between Emotion Models and Artificial Intelligence",
    journal   = "CoRR",
    year      = "2017",
    DOI       = "https://arxiv.org/pdf/1706.09554.pdf"
}

@book{Goleman,
    author      = "Daniel Goleman",
    title       = "Emotional intelligence: Why it can matter more than IQ",
    year        = "1995",
    publisher   = "Bantam Books"
}

@article{ZCA,
    author    = "Alex Krizhevsky",
    title     = "Learning Multiple Layers of Features from Tiny Images",
    journal   = "Technical report, University of Toronto",
    year      = "2012",
    DOI       = "https://arxiv.org/pdf/1706.09554.pdf"
}

@article{Inception-v3,
    author    = "Christian Szegedy and Vincent Vanhoucke and Sergey Ioffe and Jonathon Shlens and Zbigniew Wojna",
    title     = "Rethinking the Inception Architecture for Computer Vision",
    journal   = "CoRR",
    year      = "2015",
    DOI       = "https://arxiv.org/pdf/1512.00567.pdf"
}

@article{Inception-ResNet,
    author    = "Christian Szegedy and Sergey Ioffe and Vincent Vanhoucke",
    title     = "Inception-v4, Inception-ResNet and the Impact of Residual Connections on Learning",
    journal   = "CoRR",
    year      = "2016",
    DOI       = "https://arxiv.org/pdf/1602.07261.pdf"
}

@article{Models,
    author    = "Alfredo Canziani and Adam Paszke and Eugenio Culurciello",
    title     = "An Analysis of Deep Neural Network Models for Practical Applications",
    journal   = "CoRR",
    year      = "2016",
    DOI       = "https://arxiv.org/pdf/1605.07678.pdf"
}

@misc{img:Inception-v3,
    author = "Tommy Mulc",
    title = "Inception modules: explained and implemented",
    year = "2016",
    howpublished = "\url{https://hackathonprojects.files.wordpress.com/2016/09/74911-image03.png}"
}

@article{NetworkInNetwork,
    author    = "Min Lin and Qiang Chen and Shuicheng Yan",
    title     = "Network In Network",
    journal   = "CoRR",
    year      = "2013",
    DOI       = "https://arxiv.org/pdf/1312.4400.pdf"
}

@book{LateralFlexion,
    author      = "Windle, W.F.",
    title       = "The Spinal cord and its reaction to traumatic injury: anatomy, physiology, pharmacology, therapeutics",
    year        = "1980",
    publisher   = "M. Dekker"
}

@misc{img:Inception-ResNet-v2,
    author = "Google AI Blog",
    title = "Improving Inception and Image Classification in TensorFlow",
    year = "2016",
    howpublished = "\url{https://ai.googleblog.com/2016/08/improving-inception-and-image.html}"
}

@misc{img:ResNet-50,
    author = "PaddlePaddle",
    title = "Image Classification",
    year = "2017",
    howpublished = "\url{http://paddlepaddle.org/docs/develop/book/03.image_classification/index.html}"
}

@misc{img:CycleGAN,
    author = "Hardik Bansal and Archit Rathore",
    title = "Understanding and Implementing CycleGAN in TensorFlow",
    year = "2017",
    howpublished = "\url{https://hardikbansal.github.io/CycleGANBlog/}"
}

@article{LSGAN,
    author    = "Xudong Mao and Qing Li and Haoran Xie and Raymond Y.K. Lau and Zhen Wang and Stephen Paul Smolley",
    title     = "Least Squares Generative Adversarial Networks",
    journal   = "CoRR",
    year      = "2016",
    DOI       = "https://arxiv.org/pdf/1611.04076.pdf"
}

@article{InstanceNormalization,
    author    = "Dmitry Ulyanov and Andrea Vedaldi and Victor S. Lempitsky",
    title     = "Instance Normalization: The Missing Ingredient for Fast Stylization",
    journal   = "CoRR",
    year      = "2016",
    DOI       = "https://arxiv.org/pdf/1607.08022.pdf"
}

@misc{BatchSize,
    author = "Rishabh Kumar Jain (Intel) and Rajeswari Ponnuru (Intel) and Ajit Kumar P. (Intel) and Ravi Keron N. (Intel)",
    title = "CIFAR-10 Classification using Intel Optimization for TensorFlow",
    year = "2017",
    howpublished = "\url{https://software.intel.com/en-us/articles/cifar-10-classification-using-intel-optimization-for-tensorflow}"
}

@book{CrossEntropy,
    author      = "Michael A. Nielsen",
    title       = "Neural Networks and Deep Learning",
    year        = "2015",
    publisher   = "Determination Press"
}

@article{AdamToSDG,
    author    = "Nitish Shirish Keskar and Richard Socher",
    title     = "Improving Generalization Performance by Switching from Adam to {SGD}",
    journal   = "CoRR",
    year      = "2017",
    DOI       = "https://arxiv.org/pdf/1712.07628.pdf"
}